@Manual{R-base,
  title = {R: A Language and Environment for Statistical Computing},
  author = {{R Core Team}},
  organization = {R Foundation for Statistical Computing},
  address = {Vienna, Austria},
  year = {2017},
  url = {https://www.R-project.org/},
}
@Manual{R-bookdown,
  title = {bookdown: Authoring Books and Technical Documents with R Markdown},
  author = {Yihui Xie},
  year = {2018},
  note = {R package version 0.7},
  url = {https://CRAN.R-project.org/package=bookdown},
}
@Manual{R-dplyr,
  title = {dplyr: A Grammar of Data Manipulation},
  author = {Hadley Wickham and Romain François and Lionel Henry and Kirill Müller},
  year = {2018},
  note = {R package version 0.7.7},
  url = {https://CRAN.R-project.org/package=dplyr},
}
@Manual{R-knitr,
  title = {knitr: A General-Purpose Package for Dynamic Report Generation in R},
  author = {Yihui Xie},
  year = {2018},
  note = {R package version 1.20},
  url = {https://CRAN.R-project.org/package=knitr},
}
@Manual{R-pander,
  title = {pander: An R 'Pandoc' Writer},
  author = {Gergely Daróczi and Roman Tsegelskyi},
  year = {2018},
  note = {R package version 0.6.2},
  url = {https://CRAN.R-project.org/package=pander},
}
@Manual{R-rmarkdown,
  title = {rmarkdown: Dynamic Documents for R},
  author = {JJ Allaire and Yihui Xie and Jonathan McPherson and Javier Luraschi and Kevin Ushey and Aron Atkins and Hadley Wickham and Joe Cheng and Winston Chang and Richard Iannone},
  note = {https://rmarkdown.rstudio.com, https://github.com/rstudio/rmarkdown},
  year = {2018},
}
@Manual{R-stargazer,
  title = {stargazer: Well-Formatted Regression and Summary Statistics Tables},
  author = {Marek Hlavac},
  year = {2015},
  note = {R package version 5.2},
  url = {https://CRAN.R-project.org/package=stargazer},
}
